<?xml version="1.0" encoding="UTF-8"?><record xmlns="http://www.loc.gov/MARC21/slim" xmlns:cinclude="http://apache.org/cocoon/include/1.0" xmlns:zs="http://www.loc.gov/zing/srw/">
  <leader>00520nz  a2200133n  4500</leader>
  <controlfield tag="001">n  85301824 </controlfield>
  <controlfield tag="003">DLC</controlfield>
  <controlfield tag="005">19860326152649.5</controlfield>
  <controlfield tag="008">860227n| acannaab|          |n aac |||  </controlfield>
  <datafield tag="010" ind1=" " ind2=" ">
    <subfield code="a">n  85301824 </subfield>
  </datafield>
  <datafield tag="040" ind1=" " ind2=" ">
    <subfield code="a">DLC</subfield>
    <subfield code="c">DLC</subfield>
    <subfield code="d">DLC</subfield>
  </datafield>
  <datafield tag="100" ind1="1" ind2="0">
    <subfield code="a">Kallisaar, A. A.</subfield>
  </datafield>
  <datafield tag="670" ind1=" " ind2=" ">
    <subfield code="a">Primenenie unifit︠s︡irovannykh algoritmov i programm ES-ĖVM dli︠a︡ ... 1984:</subfield>
    <subfield code="b">verso t.p. (kandidat ėkonomicheskikh nauk A. A. Kallisaar)</subfield>
  </datafield>
  <datafield tag="675" ind1=" " ind2=" ">
    <subfield code="a">Eesti nõuk. ents.; Raamatukr., 1982. Registrid.; Tartu Riikl. Ülik. strukt. ja isikko., 1978.</subfield>
  </datafield>
</record>